@article{vieira2020isolamento,
  title={Isolamento social eo aumento da viol{\^e}ncia dom{\'e}stica: o que isso nos revela?},
  author={Vieira, P{\^a}mela Rocha and Garcia, Leila Posenato and Maciel, Ethel Leonor Noia},
  journal={Revista brasileira de epidemiologia},
  volume={23},
  pages={e200033},
  year={2020},
  publisher={SciELO Brasil},
  keywords = {close-elections}
}

@book{schraiber2005violencia,
  title={Viol{\^e}ncia d{\'o}i e n{\~a}o {\'e} direito: a viol{\^e}ncia contra a mulher, a sa{\'u}de e os direitos humanos},
  author={Schraiber, Lilia Blima},
  year={2005},
  publisher={Unesp},
  keywords = {close-elections}
}

@article{arvate2017future,
  title={Future electoral impacts of having a female mayor},
  author={Arvate, Paulo and Firpo, Sergio and Pieri, Renan},
  journal={Brazilian Political Science Review},
  volume={11},
  pages={e0001},
  year={2017},
  publisher={SciELO Brasil},
  keywords = {close-elections}
}

@article{farmer1997economic,
  title={An economic analysis of domestic violence},
  author={Farmer, Amy and Tiefenthaler, Jill},
  journal={Review of social Economy},
  volume={55},
  number={3},
  pages={337--358},
  year={1997},
  publisher={Taylor \& Francis},
  keywords = {close-elections}
}

@article{bochenkova2023fighting,
  title={Fighting violence against women: The role of female political representation},
  author={Bochenkova, Alena and Buonanno, Paolo and Galletta, Sergio},
  journal={Journal of Development Economics},
  volume={164},
  pages={103140},
  year={2023},
  publisher={Elsevier},
  keywords = {close-elections}
}

@article{perova2017women,
  title={Women's police stations and intimate partner violence: Evidence from Brazil},
  author={Perova, Elizaveta and Reynolds, Sarah Anne},
  journal={Social Science \& Medicine},
  volume={174},
  pages={188--196},
  year={2017},
  publisher={Elsevier},
  keywords = {close-elections}
}

@article{grimmer2011close,
  title={Are close elections random?},
  author={Grimmer, Justin and Hersh, Eitan and Feinstein, Brian and Carpenter, Daniel},
  journal={Unpublished manuscript},
  pages={1--38},
  year={2011},
  keywords = {close-elections}
}

@article{silva2012deams,
  title={As DEAMs, as corpora{\c{c}}{\~o}es policiais e a viol{\^e}ncia contra as mulheres: representa{\c{c}}{\~o}es, dilemas e desafios},
  author={Silva, Kelly},
  journal={Revista Brasileira de Seguran{\c{c}}a P{\'u}blica},
  volume={6},
  number={1},
  pages={132--154},
  year={2012},
  publisher={F{\'o}rum Brasileiro de Seguran{\c{c}}a P{\'u}blica},
  keywords = {close-elections}
}

@misc{oliveira2017,
  title={Mercado do trail running no Paraná: análise dos agentes estruturantes responsáveis pelo desenvolvimento da modalidade},
  author={Oliveira Junior, Daniel Ramos},
  year={2017},
  organization={Universidade Tecnológica Federal do Paraná. Curitiba.},
  keywords = {paraty}
}

@book{hague2021,
  title={Market Research in Practice},
  author={Paul Hague and Matthew Harrison and Julia Cupman and Oliver Truman},
  year={2021},
  publisher={Kogan Page},
  edition={4th},
  keywords = {paraty}
}

@article{teixeira2012,
  title={Pesquisa de Mercado},
  author={Hélvio de Avellar Teixeira},
  journal={Universidade Federal de Minas Gerais},
  year={2012},
  keywords = {paraty}
}

@misc{find_a_runner,
  author       = "{ITRA - International Trail Running Association}",
  title        = "{Find a Runner}",
  year         = 2024,
  url          = "https://itra.run/Runners/FindARunner",
  note         = "Acessado em: 24 dez. 2024",
  keywords = {paraty}
}

@inproceedings{osinski2020,
  author       = {Henrique Domiciano Osinski and Sibilla B. da Luz França},
  title        = {Estudo e implementação de algoritmos para contagem de veículos},
  booktitle    = {Seminários de Microeletrônica do Paraná},
  year         = {2020},
  address      = {Curitiba},
  publisher    = {UFPR},
  url          = {http://eletrica.ufpr.br/microeletronica/pdfs/SeMicro-PR_-_2020_paper_8.pdf},
  note         = {Accessed: 2024-07-19},
  keywords ={uberabinha}
}

@thesis{jantsch2020,
  author       = {Nilson Jantsch},
  title        = {Desenvolvimento de um sistema de medição e controle de temperatura utilizando Arduino},
  year         = {2020},
  school       = {Universidade de Caxias do Sul},
  type         = {Trabalho de Conclusão de Curso (Engenharia de Controle e Automação)},
  address      = {Caxias do Sul},
  url          = {https://repositorio.ucs.br/xmlui/bitstream/handle/11338/5267/TCC%20Nilson%20Jantsch.pdf?sequence=1&isAllowed=y},
  note         = {Accessed: 2024-07-19},
  keywords = {uberabinha}
}

@article{vieira2006,
  author       = {Sérgio Roberto da Silva Vieira},
  title        = {Agroindústria canavieira e políticas públicas: análise dos impactos sociais e ambientais},
  journal      = {Sociedade \& Natureza},
  volume       = {18},
  number       = {35},
  pages        = {55-64},
  year         = {2006},
  month        = {jul},
  url          = {https://seer.ufu.br/index.php/sociedadenatureza/article/download/9206/5668/35255},
  note         = {Accessed: 2024-07-19},
  keywords ={uberabinha}
}

@misc{esri_isochrone,
  author       = {Esri},
  title        = {Isochrone},
  year         = {n.d.},
  url          = {https://support.esri.com/pt-br/gis-dictionary/isochrone},
  note         = {Accessed: 2024-07-19},
  keywords ={uberabinha}
}


@misc{plano_diretor2014,
  author       = {Prefeitura de São Paulo},
  title        = {Plano Diretor Estratégico do Município de São Paulo - Lei n° 16.050, de 31 de julho de 2014},
  year         = {2014},
  url          = {https://legislacao.prefeitura.sp.gov.br/leis/lei-16050-de-31-de-julho-de-2014},
  note         = {Accessed: 2024-07-19},
  keywords ={uberabinha}
}

@misc{lei2014,
  author       = {Prefeitura de São Paulo},
  title        = {Lei n° 16.050, de 31 de julho de 2014},
  year         = {2014},
  url          = {https://legislacao.prefeitura.sp.gov.br/leis/lei-16050-de-31-de-julho-de-2014},
  note         = {Accessed: 2024-07-19},
  keywords ={uberabinha}
}

@article{koenig1980,
  author       = {J. G. Koenig},
  title        = {Indicators of urban accessibility: theory and application},
  journal      = {Transportation},
  volume       = {9},
  pages        = {145-172},
  year         = {1980},
  url          = {/mnt/data/Indicators of Urban Accessibility_J.G.Koenig.pdf},
  note         = {Accessed: 2024-07-19},
  keywords ={uberabinha}
}

@misc{google_geocoding,
  author       = {Google},
  title        = {Google Maps Geocoding API},
  year         = {n.d.},
  url          = {https://developers.google.com/maps/documentation/geocoding/?hl=pt_BR},
  note         = {Accessed: 2024-07-19},
  keywords ={uberabinha}
}

@misc{google_places,
  author       = {Google},
  title        = {Google Places API},
  year         = {n.d.},
  url          = {https://developers.google.com/maps/documentation/places/web-service?hl=pt_BR},
  note         = {Accessed: 2024-07-19},
  keywords ={uberabinha}
}

@misc{google_directions,
  author       = {Google},
  title        = {Google Maps Directions API},
  year         = {n.d.},
  url          = {https://developers.google.com/maps/documentation/directions/?hl=pt_BR},
  note         = {Accessed: 2024-07-19},
  keywords ={uberabinha}
}

@article{pereira_r5r_2021,
	title = {r5r: Rapid Realistic Routing on Multimodal Transport Networks with {R}$^{\textrm{5}}$ in R},
	shorttitle = {r5r},
	url = {https://findingspress.org/article/21262-r5r-rapid-realistic-routing-on-multimodal-transport-networks-with-r-5-in-r},
	doi = {10.32866/001c.21262},
	abstract = {Routing is a key step in transport planning and research. Nonetheless, researchers and practitioners often face challenges when performing this task due to long computation times and the cost of licensed software. R{\textasciicircum}5{\textasciicircum} is a multimodal transport network router that offers multiple routing features, such as calculating travel times over a time window and returning multiple itineraries for origin/destination pairs. This paper describes r5r, an open-source R package that leverages R{\textasciicircum}5{\textasciicircum} to efficiently compute travel time matrices and generate detailed itineraries between sets of origins and destinations at no expense using seamless parallel computing.},
	language = {en},
	urldate = {2021-03-04},
	journal = {Transport Findings},
	author = {Pereira, Rafael H. M. and Saraiva, Marcus and Herszenhut, Daniel and Braga, Carlos Kaue Vieira and Conway, Matthew Wigginton},
	month = mar,
	year = {2021},
	note = {Publisher: Network Design Lab},
  keywords ={uberabinha}
}

@misc{GeoSampa,
  author       = {Prefeitura de São Paulo},
  title        = {GeoSampa},
  year         = 2024,
  url          = {https://geosampa.prefeitura.sp.gov.br/PaginasPublicas/_SBC.aspx},
  note         = {Acessado em: 19-jul-2024},
  keywords ={uberabinha}
}

@misc{QGIS,
  author       = {QGIS Development Team},
  title        = {QGIS Geographic Information System},
  year         = 2024,
  url          = {https://qgis.org/download/},
  note         = {Open Source Geospatial Foundation Project. Acessado em: 19-jul-2024},
  keywords ={uberabinha}
}

@article{Melo2024,
  author    = {Luís Cláudio de Melo Brito Rocha and Camila Andrade dos Santos and Júlio Monteiro Teixeira and Rita Almendra},
  title     = {Perspectivas para placemaking no Brasil no contexto do design e da arquitetura: revisão da literatura do conceito e análise de casos de referência},
  journal   = {Cuaderno 213, Centro de Estudios en Diseño y Comunicación},
  year      = {2024},
  pages     = {173--189},
  publisher = {Centro de Estudios en Diseño y Comunicación},
  issn      = {1668-0227},
  keywords ={uberabinha}
}



